<?xml version="1.0" encoding="UTF-8"?><collection xmlns="http://www.loc.gov/MARC21/slim"><record><leader>00325nam--2200133-i-4500</leader><controlfield tag="001">000001536</controlfield><controlfield tag="002">20161230</controlfield><controlfield tag="005">20161230201024</controlfield><controlfield tag="008">060222s1000------------r-----000-0-eng-d</controlfield><datafield ind1=" " ind2=" " tag="245"><subfield code="a">Water a comprehensive treatise</subfield></datafield><datafield ind1=" " ind2=" " tag="260"><subfield code="a">New York, Plenum Press, 1979</subfield></datafield><datafield ind1=" " ind2=" " tag="490"><subfield code="a">Recent Advances</subfield></datafield><datafield ind1=" " ind2=" " tag="700"><subfield code="a">Franks, Felix</subfield></datafield><datafield ind1=" " ind2=" " tag="852"><subfield code="a">48927</subfield></datafield></record></collection>